@article{manual,
  title   = {Lab Manual},
  author  = {SPS},
  note    = {\url{https://www.niser.ac.in/sps/sites/default/files/basic_page/Milican's%20Oil%20Drop%20Experiment.pdf}},
  year    = {2022},
  journal = {Website}
}