@article{manual,
    title = {Lab Manual},
    author={SPS},
	note={\url{www.niser.ac.in/sps/sites/default/files/basic_page/Sodium%20D%20line%20splitting.pdf}},
    year={2022},
    journal={Website}
}