@article{manual,
  title   = {Lab Manual},
  author  = {SPS},
  note    = {\url{www.niser.ac.in/sps/sites/default/files/basic_page/Sodium%20D%20line%20splitting.pdf}},
  year    = {2022},
  journal = {Website}
}


@misc{1507.02600,
  author = {S. B. Bayram and M. V. Freamat},
  title  = {A Spectral Analysis of Laser Induced Fluorescence of Iodine},
  year   = {2015},
  eprint = {arXiv:1507.02600}
}

@article{copper_emmision_spectrum,
  author  = {Ahmed, Nasar and Ahmed, Rizwan and Rafiqe, M.},
  year    = {2016},
  month   = {11},
  pages   = {1-9},
  title   = {A comparative study of Cuâ€“Ni Alloy using LIBS, LA-TOF, EDX, and XRF},
  volume  = {35},
  journal = {Laser and Particle Beams},
  doi     = {10.1017/S0263034616000732},
}