@article{manual,
    title = {Lab Manual},
    author={SPS},
	note={\url{https://www.niser.ac.in/sps/sites/default/files/basic_page/Diffraction%20of%20light%20by%20ultrasonic%20waves.pdf}},
    year={2022},
    journal={Website}
}