@article{manual,
  title   = {Lab Manual},
  author  = {SPS},
  note    = {\url{https://www.niser.ac.in/sps/sites/default/files/basic_page/Zeemaneffect-manual.pdf}},
  year    = {2022},
  journal = {Website}
}

@article{article,
author = {Kotit, Mochament},
year = {2017},
month = {12},
pages = {},
title = {Estimation of The Bohr Magneton by Utilising The Normal Zeeman Effect for Cadmium [This is a lab report, not an actual scientific paper.]}
}

