@misc{manual,
  title   = {Lab Manual},
  author  = {SPS},
  howpublished    = {\url{https://www.niser.ac.in/sps/sites/default/files/basic_page/Fabry%20Perot%20Interferometer.pdf}},
  year    = {2022},
  journal = {Website}
}

@misc{wiki:Heliumâ€“neon_laser,
   author = "Wikipedia",
   title = "{Helium-neon laser} --- {W}ikipedia{,} The Free Encyclopedia",
   year = "2022",
   howpublished = {\url{http://en.wikipedia.org/w/index.php?title=Helium\%E2\%80\%93neon\%20laser&oldid=1111514847}},
   note = "[Online; accessed 21-November-2022]"
 }