@article{manual,
    title = {Lab Manual},
    author={SPS},
	note={\url{https://www.niser.ac.in/sps/sites/default/files/basic_page/Diffraction%20of%20light%20by%20ultrasonic%20waves.pdf}},
    year={2022},
    journal={Website}
}

@misc{bulkmodulus,
    title = {LibreTexts.org},
    author={LibreTexts},
    note={\url{https://eng.libretexts.org/Bookshelves/Civil_Engineering/Book%3A_Fluid_Mechanics_(Bar-Meir)/00%3A_Introduction/1.6%3A_Fluid_Properties/1.6.2%3A_Bulk_Modulus#:~:text=4.109%20%5BMPa%5D-,Turpentine,na,-Water}},
    year={2022},
}