@article{manual,
  title   = {Lab Manual},
  author  = {SPS},
  note    = {\url{https://www.niser.ac.in/sps/sites/default/files/basic_page/Study%20of%20polarization%20of%20light.pdf}},
  year    = {2022},
  journal = {Website}
}

@misc{desmos,
  title   = {Desmos},
  author  = {Desmos},
  note    = {\url{https://www.desmos.com/calculator}},
  year    = {2022},
  journal = {Website}
}

@misc{polarization,
  title   = {Polarization},
  author  = {Wikipedia},
  note    = {\url{https://en.wikipedia.org/wiki/Polarization}},
  year    = {2022},
  journal = {Website}
}

@misc{matlab,
  title   = {MATLAB},
  author  = {MathWorks},
  note    = {\url{https://www.mathworks.com/products/matlab.html}},
  year    = {2022},
  journal = {Website}
}